<record><leader>00000cas a22000007a 4500</leader><controlfield tag="001">30059527</controlfield><controlfield tag="008">940331d1968198uctuwr ne      0    0eng d</controlfield><controlfield tag="009">14297</controlfield><datafield ind1=" " ind2=" " tag="010"><subfield code="a">sn 94053041 </subfield></datafield><datafield ind1=" " ind2=" " tag="040"><subfield code="a">CNW</subfield><subfield code="b">eng</subfield><subfield code="c">CNW</subfield><subfield code="d">OCLCQ</subfield></datafield><datafield ind1="1" ind2=" " tag="029"><subfield code="a">AU@</subfield><subfield code="b">000025870957</subfield></datafield><datafield ind1=" " ind2=" " tag="042"><subfield code="a">msc</subfield></datafield><datafield ind1="0" ind2="0" tag="245"><subfield code="a">Marlborough messenger.</subfield></datafield><datafield ind1="3" ind2="0" tag="246"><subfield code="a">Messenger</subfield></datafield><datafield ind1=" " ind2=" " tag="260"><subfield code="a">Glastonbury, Conn. :</subfield><subfield code="b">Marcia Bollard, ed.</subfield></datafield><datafield ind1=" " ind2=" " tag="300"><subfield code="a">v.</subfield></datafield><datafield ind1=" " ind2=" " tag="310"><subfield code="a">Weekly,</subfield><subfield code="b">Aug. 12, 1987-&lt;Feb 10, 1988&gt;</subfield></datafield><datafield ind1=" " ind2=" " tag="321"><subfield code="a">Biweekly,</subfield><subfield code="b">1968-1970</subfield></datafield><datafield ind1=" " ind2=" " tag="321"><subfield code="a">Biweekly (except monthly July and Aug.),</subfield><subfield code="b">1971-July 15, 1987</subfield></datafield><datafield ind1="0" ind2=" " tag="362"><subfield code="a">Vol. 1, no. 1 (Mar. 7, 1968)-</subfield></datafield><datafield ind1=" " ind2=" " tag="500"><subfield code="a">Published as: The Messenger, May 19-Sep. 29, 1973.</subfield></datafield><datafield ind1=" " ind2=" " tag="500"><subfield code="a">Published in Marlborough, Conn., &lt;May 1, 1969&gt;-</subfield></datafield><datafield ind1=" " ind2=" " tag="500"><subfield code="a">Also serving East Hampton and Hebron, May 5-Dec. 8, 1973.</subfield></datafield><datafield ind1=" " ind2=" " tag="515"><subfield code="a">Suspended with issue for Dec. 8, 1973. Resumed with issue for Mar. 28, 1974.</subfield></datafield><datafield ind1=" " ind2="4" tag="651"><subfield code="a">Marlborough (Conn.)</subfield><subfield code="v">Newspapers.</subfield></datafield><datafield ind1=" " ind2="4" tag="651"><subfield code="a">East Hampton (Conn.)</subfield><subfield code="v">Newspapers.</subfield></datafield><datafield ind1=" " ind2="4" tag="651"><subfield code="a">Hebron (Conn.)</subfield><subfield code="v">Newspapers.</subfield></datafield><datafield ind1=" " ind2=" " tag="752"><subfield code="a">United States</subfield><subfield code="b">Connecticut</subfield><subfield code="c">Hartford</subfield><subfield code="d">Marlborough.</subfield></datafield></record>